%! Author = enzo
%! Date = 08-08-23

